<?xml version="1.0" encoding="utf-8"?>
<record xmlns="http://www.loc.gov/MARC21/slim" xmlns:xsi="http://www.w3.org/2001/XMLSchema-instance" xsi:schemaLocation="http://www.loc.gov/MARC21/slim http://www.loc.gov/standards/marcxml/schema/MARC21slim.xsd">
	<leader>     nam a22        4500</leader>
	<controlfield tag="001">2774612</controlfield>
	<controlfield tag="003">NNC</controlfield>
	<controlfield tag="006">m        d        </controlfield>
	<controlfield tag="007">cr cn |||m|||a</controlfield>
	<controlfield tag="008">171205m19529999ua      o     000 0 araod</controlfield>
	<datafield ind1=" " ind2=" " tag="040">
		<subfield code="a">NNU</subfield>
		<subfield code="b">eng</subfield>
		<subfield code="e">rda</subfield>
		<subfield code="c">NNU</subfield>
	</datafield>
	<datafield ind1=" " ind2=" " tag="043">
		<subfield code="a">fu-----</subfield>
	</datafield>
	<datafield ind1=" " ind2="4" tag="050">
		<subfield code="a">HE543</subfield>
		<subfield code="b">.H46 1952</subfield>
	</datafield>
	<datafield ind1="1" ind2=" " tag="100">
		<subfield code="6">880-01</subfield>
		<subfield code="a">Hefnaoui, Mustapha.</subfield>
	</datafield>
	<datafield ind1="1" ind2="0" tag="245">
		<subfield code="6">880-02</subfield>
		<subfield code="a">Qanāt al-Sūways wa-mushkilātihā al-muʻāṣirah /</subfield>
		<subfield code="c">ta'līf Muṣṭafá al-Ḥifnāwī.</subfield>
	</datafield>
	<datafield ind1=" " ind2=" " tag="260">
		<subfield code="6">880-03</subfield>
		<subfield code="a">al-Qāhirah :</subfield>
		<subfield code="b">Maṭbaʻat Miṣr,</subfield>
		<subfield code="c">1952-</subfield>
	</datafield>
	<datafield ind1=" " ind2=" " tag="300">
		<subfield code="a">online resource (volumes)</subfield>
	</datafield>
	<datafield ind1=" " ind2=" " tag="336">
		<subfield code="a">text</subfield>
		<subfield code="2">rdacontent</subfield>
	</datafield>
	<datafield ind1=" " ind2=" " tag="337">
		<subfield code="a">computer</subfield>
		<subfield code="2">rdamedia</subfield>
	</datafield>
	<datafield ind1=" " ind2=" " tag="338">
		<subfield code="a">online resource</subfield>
		<subfield code="2">rdacarrier</subfield>
	</datafield>
	<datafield ind1=" " ind2=" " tag="500">
		<subfield code="a">Part of the Arabic Collections Online (ACO) project, contributed by Columbia University Libraries.</subfield>
	</datafield>
	<datafield ind1="1" ind2=" " tag="505">
		<subfield code="6">880-04</subfield>
		<subfield code="a">al-juzʼ  al-awwal . Tārīkh al-Qanāh wa-uṣūl mushkilatuhā al-muʻāṣirah -- al-juzʼ  al-thānī. al-Nizāʻ al-Miṣrī al-Birīṭānī -- al-juzʼ  al-thālith. Ḥurrīyat al-milāḥah fī al-Qanāh -- al-juzʼ al-rābiʻ. al-Idārah wa-al-Istighāl, sharikat Qanāt al-Suways, wazārat shuʼūn Qanāt al-Suways.</subfield>
	</datafield>
	<datafield ind1=" " ind2=" " tag="500">
		<subfield code="6">880-05</subfield>
		<subfield code="a">&quot;al-Juzʼ al-thālith multazim al-nashr wa-al-ṭabʻ Maktabat al-Nahḍah al-Miṣrīyah&quot;</subfield>
	</datafield>
	<datafield ind1=" " ind2=" " tag="533">
		<subfield code="a">Electronic reproduction.</subfield>
		<subfield code="b">New York, N.Y. :</subfield>
		<subfield code="c">New York University,</subfield>
		<subfield code="d">2017.</subfield>
		<subfield code="5">NNU</subfield>
	</datafield>
	<datafield ind1=" " ind2="0" tag="651">
		<subfield code="a">Suez Canal (Egypt)</subfield>
	</datafield>
	<datafield ind1=" " ind2="7" tag="651">
		<subfield code="a">Egypt</subfield>
		<subfield code="z">Suez Canal.</subfield>
		<subfield code="2">fast</subfield>
		<subfield code="0">(OCoLC)fst01245830</subfield>
	</datafield>
	<datafield ind1="2" ind2=" " tag="710">
		<subfield code="a">Columbia University.</subfield>
		<subfield code="b">Libraries.</subfield>
	</datafield>
	<datafield ind1="0" ind2=" " tag="730">
		<subfield code="a">Arabic Collections Online.</subfield>
	</datafield>
	<datafield ind1="0" ind2="8" tag="776">
		<subfield code="6">880-06</subfield>
		<subfield code="i">Online version:</subfield>
		<subfield code="a">Hefnaoui, Mustapha.</subfield>
		<subfield code="t">Qanāt al-Sūways wa-mushkilātihā al-muʻāṣirah.</subfield>
		<subfield code="d">al-Qāhirah : Maṭbaʻat Miṣr, 1952-</subfield>
		<subfield code="w">(OCoLC)644528888</subfield>
	</datafield>
	<datafield ind1="0" ind2="8" tag="776">
		<subfield code="i">Print version:</subfield>
		<subfield code="a">Hefnaoui, Mustapha.</subfield>
		<subfield code="t">Qanāt al-Sūways wa-mushkilātihā al-muʻāṣirah</subfield>
		<subfield code="w">(NNC)2774612</subfield>
		<subfield code="w">(OCoLC)23497006</subfield>
	</datafield>
	<datafield ind1="4" ind2="0" tag="856">
		<subfield code="u">http://hdl.handle.net/2333.1/nvx0kcrp</subfield>
	</datafield>
	<datafield ind1="1" ind2=" " tag="880">
		<subfield code="6">100-01/r</subfield>
		<subfield code="a">حفناوى، مصطفى.</subfield>
	</datafield>
	<datafield ind1="1" ind2="0" tag="880">
		<subfield code="6">245-02/r</subfield>
		<subfield code="a">قناة السويس ومشكلاتها المعاصرة /</subfield>
		<subfield code="c">تأليف مصطفى الحفناوى.</subfield>
	</datafield>
	<datafield ind1=" " ind2=" " tag="880">
		<subfield code="6">260-03/r</subfield>
		<subfield code="a">القاهرة :</subfield>
		<subfield code="b">مطبعة مصر،</subfield>
		<subfield code="c">1952-</subfield>
	</datafield>
	<datafield ind1="1" ind2=" " tag="880">
		<subfield code="6">505-04/r</subfield>
		<subfield code="a">الجزء  الاول . تاريخ القناه واصول مشكلتها المعاصرة. --   الجزء  الثاني. النزاع المصري البريطاني. --  الجزء  الثالث . حرية الملاحة في القناه. --   الجزء الرابع. الادارة والاستغال، شركة قناة السويس، وزارة شؤون قناة السويس.</subfield>
	</datafield>
	<datafield ind1=" " ind2=" " tag="880">
		<subfield code="6">500-05/r</subfield>
		<subfield code="a">&quot;الجزء الثالث ملتزم النشر والطبع مكتبة النهضة المصرية&quot;</subfield>
	</datafield>
	<datafield ind1="0" ind2="8" tag="880">
		<subfield code="6">776-06/r</subfield>
		<subfield code="i">Online version:</subfield>
		<subfield code="a">Hefnaoui, Mustapha.</subfield>
		<subfield code="t">قنات السويس ومشكلاتها المعاصرة.</subfield>
		<subfield code="d">القاهرة : مطبعة مصر، 1952</subfield>
		<subfield code="w">(ل)644528888</subfield>
	</datafield>
	<datafield ind1=" " ind2=" " tag="959">
		<subfield code="a">NNU</subfield>
		<subfield code="b">WEB</subfield>
		<subfield code="c">GENI</subfield>
		<subfield code="t">0</subfield>
		<subfield code="m">Electronic access</subfield>
		<subfield code="s">01</subfield>
	</datafield>
	<datafield ind1=" " ind2=" " tag="999">
		<subfield code="i">NNC_2774612</subfield>
		<subfield code="o">(OCoLC)ocm23497006</subfield>
		<subfield code="s">columbia_aco002609:v.2</subfield>
		<subfield code="e">(ERROR-880)</subfield>
		<subfield code="s">columbia_aco002609:v.2</subfield>
	</datafield>
</record>
